@Article{bear83,
  author = 	 {Bear, Fozzy},
  title = 	 {Audience Noise Response to Ursine Comedy},
  journal = 	 {Journal of Questionable Results},
  year = 	 1983
}
